%% Data Analytics Techniques

%% Background references

%% Related Work References

@article{detectors,
title = "Searching for exotic particles at the \{LHC\} with dedicated detectors ",
journal = "Nuclear Physics B - Proceedings Supplements ",
volume = "78",
number = "1â€“3",
pages = "52 - 57",
year = "1999",
note = "Advanced Technology and Particle Physics ",
issn = "0920-5632",
doi = "http://dx.doi.org/10.1016/S0920-5632(99)00522-8",
url = "http://www.sciencedirect.com/science/article/pii/S0920563299005228",
author = "J.L. Pinfold"
}

@ARTICLE{Cutts-NN1, 
author={Cutts, David and Hoftun, J.S. and Sornborger, A. and Astur, R.V. and Johnson, Christopher R. and Zeller, Raymond T.}, 
journal={Nuclear Science, IEEE Transactions on}, 
title={The use of neural networks in the D0 data acquisition system}, 
year={1989}, 
month={Oct}, 
volume={36}, 
number={5}, 
pages={1490-1493}, 
keywords={data acquisition;neural nets;nuclear electronics;physics computing;real-time systems;D0 experiment;MicroVaxes;back-propagation neural networks;multiport memories;real-time event filtering;Concurrent computing;Data acquisition;Filtering;Intelligent networks;Neural networks;Parallel processing;Pattern recognition;Physics computing;Real time systems;Sampling methods}, 
doi={10.1109/23.41089}, 
ISSN={0018-9499},}

@article{NN2,
  title = {Finding gluon jets with a neural trigger},
  author = {L\"onnblad, Leif and Peterson, Carsten and R\"ognvaldsson, Thorsteinn},
  journal = {Phys. Rev. Lett.},
  volume = {65},
  issue = {11},
  pages = {1321--1324},
  numpages = {4},
  year = {1990},
  month = {Sep},
  publisher = {American Physical Society},
  doi = {10.1103/PhysRevLett.65.1321},
  url = {http://link.aps.org/doi/10.1103/PhysRevLett.65.1321}
}

@article{NN3,
title = "Track finding with neural networks ",
journal = "Nuclear Instruments and Methods in Physics Research Section A: Accelerators, Spectrometers, Detectors and Associated Equipment ",
volume = "279",
number = "3",
pages = "537 - 545",
year = "1989",
note = "",
issn = "0168-9002",
doi = "http://dx.doi.org/10.1016/0168-9002(89)91300-4",
url = "http://www.sciencedirect.com/science/article/pii/0168900289913004",
author = "Carsten Peterson"
}


@ARTICLE{Binary-DT,
   author = {{Bowser-Chao}, D. and {Dzialo}, D.~L.},
    title = "{Comparison of the use of binary decision trees and neural networks in top-quark detection}",
  journal = {\prd},
   eprint = {hep-ph/9209216},
 keywords = {Inclusive production with identified leptons photons or other nonhadronic particles},
     year = 1993,
    month = mar,
   volume = 47,
    pages = {1900-1905},
      doi = {10.1103/PhysRevD.47.1900},
   adsurl = {http://adsabs.harvard.edu/abs/1993PhRvD..47.1900B},
  adsnote = {Provided by the SAO/NASA Astrophysics Data System}
}

@ARTICLE{Boosted-DT,
   author = {{Roe}, B.~P. and {Yang}, H.-J. and {Zhu}, J. and {Liu}, Y. and 
	{Stancu}, I. and {McGregor}, G.},
    title = "{Boosted decision trees as an alternative to artificial neural networks for particle identification}",
  journal = {Nuclear Instruments and Methods in Physics Research A},
   eprint = {physics/0408124},
     year = 2005,
    month = may,
   volume = 543,
    pages = {577-584},
      doi = {10.1016/j.nima.2004.12.018},
   adsurl = {http://adsabs.harvard.edu/abs/2005NIMPA.543..577R},
  adsnote = {Provided by the SAO/NASA Astrophysics Data System}
}

@ARTICLE{DeepNN,
   author = {{Baldi}, P. and {Sadowski}, P. and {Whiteson}, D.},
    title = "{Searching for exotic particles in high-energy physics with deep learning}",
  journal = {Nature Communications},
archivePrefix = "arXiv",
   eprint = {1402.4735},
 primaryClass = "hep-ph",
     year = 2014,
    month = jul,
   volume = 5,
      eid = {4308},
    pages = {4308},
      doi = {10.1038/ncomms5308},
   adsurl = {http://adsabs.harvard.edu/abs/2014NatCo...5E4308B},
  adsnote = {Provided by the SAO/NASA Astrophysics Data System}
}


@ARTICLE{StatPatternRecognition,
   author = {{Narsky}, I.},
    title = "{StatPatternRecognition: A C++ Package for Statistical Analysis of High Energy Physics Data}",
  journal = {ArXiv Physics e-prints},
   eprint = {physics/0507143},
 keywords = {Physics - Data Analysis, Statistics and Probability},
     year = 2005,
    month = jul,
   adsurl = {http://adsabs.harvard.edu/abs/2005physics...7143N},
  adsnote = {Provided by the SAO/NASA Astrophysics Data System}
}









%% Other references

